gra@STRING{NIPS = "Adv. NIPS"}
@STRING{AOS  = "Ann. Stat."}
@STRING{JMLR= "J. Mach. Learn. Res."}
@STRING{CVPR = "Proc. CVPR"}
@STRING{SIGGRAPH= "Proceedings of SIGGRAPH"}
@STRING{SIAM_MMS="SIAM Multiscale Modelling and Simulation"}
@STRING{SIAM_IS="SIAM J. Imag. Sci."}
@STRING{IJCV="International Journal of Computer Vision"}
@STRING{ICCV = "Proceedings of the IEEE International Conference on Computer Vision (ICCV)"}
@STRING{ICML = "Proc. ICML"}
@STRING{ECCV = "Proceedings of the European Conference on Computer Vision (ECCV)"}
@STRING{ICIP = "Proceedings of the IEEE International Conference on Image Processing (ICIP)"}
@STRING{DAGM="DAGM"}
@STRING{IEEE_J_SP="IEEE Transactions on Signal Processing"}
@STRING{IEEE_J_IP="IEEE Transactions on Image Processing"}
@STRING{IEEE_J_IT="IEEE T. Inform. Theory"}
@STRING{ROYAL_STATB="J. Roy. Stat. Soc. B"}
@string{OP_R_L="Oper. Res. Lett."}
@STRING{IEEE_J_PAMI="IEEE T. Pattern. Anal."}
@STRING{PAMI="IEEE Transactions on Pattern Analysis and Machine Intelligence"}


@book{ sun,
author="G. W. Stewart and J. Sun",
title="Matrix Perturbation Theory",
publisher="Academic Press",
year="1990"
}



@techreport{mairalpath,
  title={Supervised Feature Selection in Graphs with Path Coding Penalties and Network Flows},
  author={Mairal, J. and Yu, B.},
  institution={arXiv},
  number={1204.4539},
  year = "2012"
}

@article{best1990active,
  title={Active set algorithms for isotonic regression; a unifying framework},
  author={Best, M.J. and Chakravarti, N.},
  journal={Mathematical Programming},
  volume={47},
  number={1},
  pages={425--439},
  year={1990},
  publisher={Springer}
}

@book{fujishige2005submodular,
  title={Submodular Functions and Optimization},
  author={Fujishige, S.},
  year={2005},
  publisher={Elsevier}
} 


@article{bickel_lasso_dantzig,
  title={{Simultaneous analysis of Lasso and Dantzig selector}},
  author={Bickel, P. and Ritov, Y. and Tsybakov, A.},
  journal={Annals of Statistics},
  volume={37},
  number={4},
  pages={1705--1732},
  year = {2009}
}



@inproceedings{edmonds,
 author = {Edmonds, J.},
 title = {Submodular functions, matroids, and certain polyhedra},
 booktitle = {Combinatorial optimization - Eureka, you shrink!},
 year = {2003},
  pages = {11--26},
 publisher = {Springer},
 }

@article{Zhaoyu,
  author    = {P. Zhao and
               B. Yu},
  title     = {On Model Selection Consistency of {L}asso.},
  journal   = {JMLR},
  volume    = {7},
  year      = {2006},
  pages     = {2541-2563}
  }
  
@ techreport{negahban2009estimation,
  title={Estimation of (near) low-rank matrices with noise and high-dimensional scaling},
  author={Negahban, S. and Wainwright, M.J.},
  institution={Arxiv },
number={0912.5100},
  year={2009}
}


@ARTICLE{Wainwright2009,
  author = {Wainwright, M. J.},
  title = {Sharp thresholds for noisy and high-dimensional recovery of sparsity
	using $\ell_1$-~constrained quadratic programming},
  journal = {IEEE Transactions on Information Theory},
  year = {2009},
  volume = {55},
  pages = {2183--2202},
  owner = {jenatton},
  timestamp = {2010.06.28}
}

@ inproceedings{negahban2008joint,
  title={Joint support recovery under high-dimensional scaling: Benefits and perils of $\ell_1$-$\ell_\infty$-regularization},
  author={Negahban, S. and Wainwright, M. J.},
  booktitle={Adv. NIPS},
  year={2008} 
}


@article{groenevelt1991two,
  title={{Two algorithms for maximizing a separable concave function over a polymatroid feasible region}},
  author={Groenevelt, H.},
  journal={Eur. J Oper. Res.},
  volume={54},
  number={2},
  pages={227--236},
  year={1991},
  publisher={Elsevier}
}



@article{lasso,
   author={R. Tibshirani},
   year={1996},
   title={Regression shrinkage and selection via the {L}asso},
   journal=ROYAL_STATB,
   volume={58},
   number={1},
}

@article{bonnans,
   author="J. F. Bonnans and A. Shapiro",
   title="Optimization problems with perturbations: A guided tour",
   journal="SIAM Review",
   volume="40",
   number="2",
   pages="202-227",
   year="1998"
}

@book{bonnans2,
   title={Perturbation analysis of optimization problems},
   author={Bonnans, J. F. and Shapiro, A.},
   year={2000},
   publisher={Springer}
}

@book{bertsekas,
   title={Nonlinear programming},
   author={Bertsekas, D. P.},
   year={1999},
   publisher={Athena Scientific Belmont}
}

@article{zou,
   title={Regularization and variable selection via the elastic net},
   author={Zou, H. and Hastie, T.},
   journal={Journal of the Royal Statistical Society Series B},
   volume={67},
   number={2},
   pages={301--320},
   year={2005},
   publisher={Blackwell Synergy}
}

@book{boyd,
   title={Convex Optimization},
   author={Boyd, S. P. and Vandenberghe, L.},
   year={2004},
   publisher={Cambridge University Press}
}

@book{golub,
   title={Matrix computations},
   author={Golub, G. H. and Van Loan, C. F.},
   year={1996},
   publisher={John Hopkins University Press}
}

@article{wu,
   title={Coordinate descent algorithms for {L}asso penalized regression},
   author={Wu, T. T. and Lange, K.},
   journal={Annals of Applied Statistics},
   year={2008},
   volume={2},
   number={1},
   pages={224-244}
}

@ARTICLE{yuan,
   author = {M. Yuan and Y. Lin},
   title = {Model selection and estimation in regression with grouped variables.},
   journal=ROYAL_STATB,
   year = {2006},
   volume = {68},
   pages = {49-67}
}

@book{borwein,
   title={Convex analysis and nonlinear optimization},
   author={Borwein, J. M. and Lewis, A. S.},
   year={2006},
   publisher={Springer}
}

@article{turlach,
   title={Simultaneous variable selection},
   author={Turlach, B. A. and Venables, W. N. and Wright, S. J.},
   journal={Technometrics},
   volume={47},
   number={3},
   pages={349--363},
   year={2005},
   publisher={ASA}
}

@inproceedings{jacob2009group,
  title={Group lasso with overlap and graph lasso},
  author={Jacob, L. and Obozinski, G. and Vert, J.-P.},
  booktitle={ICML},
  year="2009"
  }



@book{ massart-concentration,
title="Concentration Inequalities and Model Selection: Ecole d'\'et\'e  de Probabilit\'es de Saint-Flour 23",
year="2003",
author="P. Massart",
publisher="Springer"
}


@article{huang2011learning,
  title={Learning with Structured Sparsity},
  author={Huang, J. and Zhang, T. and Metaxas, D.},
  journal={The JMLR},
  volume={12},
  pages={3371--3412},
  year={2011},
  publisher={JMLR. org}
}

@techreport{nesterov,
   title={Gradient methods for minimizing composite objective function},
   author={Nesterov, Y.},
   year={2007},
   institution={Center for Operations Research and Econometrics (CORE), Catholic University of Louvain}
}

@inproceedings{jenatton2010proximal,
  title={Proximal methods for sparse hierarchical dictionary learning},
  author={Jenatton, R. and Mairal, J. and Obozinski, G. and Bach, F.},
  booktitle={Proc. ICML},
  year={2010},
  organization={Citeseer}
}

@article{jenatton2011prox,
   author="R. Jenatton and J. Mairal and G. Obozinski and F. Bach",
   title="Proximal Methods for Hierarchical Sparse Coding",
   year="2011",
   journal=JMLR,
   volume= {12},
   pages={2297--2334}
}

@article{negahban2010unified,
  title={A unified framework for high-dimensional analysis of $ M $-estimators with decomposable regularizers},
  author={Negahban, S. and Ravikumar, P. and Wainwright, M.J. and Yu, B.},
  journal={Arxiv preprint arXiv:1010.2731},
  year={2010}
}

@article{zhao2009icap,
  title={{Grouped and hierarchical model selection through composite absolute penalties}},
  author={Zhao, P. and Rocha, G. and Yu, B.},
  journal={Ann. of Stat.},
 volume={37},
 number={6A},
 year={2009},
 pages={3468--3497}
}

@article{baraniuk2010model,
  title={Model-based compressive sensing},
  author={Baraniuk, R.G. and Cevher, V. and Duarte, M.F. and Hegde, C.},
  journal={IEEE Trans. Inf. Theory, },
  volume={56},
  number={4},
  pages={1982--2001},
  year={2010},
  publisher={IEEE}
}

@inproceedings{bach2009exploring,
  author    = {Bach, F.},
  title     = {Exploring Large Feature Spaces with Hierarchical Multiple Kernel Learning},
  booktitle = {Advances in Neural Information Processing Systems},
  year      = {2008}
}

@article{he2009exploiting,
  title={{Exploiting structure in wavelet-based Bayesian compressive sensing}},
  author={He, L. and Carin, L.},
  journal={IEEE Transactions on Signal Processing},
  volume={57},
  pages={3488--3497},
  year={2009}
}

@ARTICLE{YuaLi06,
AUTHOR={M. Yuan and Y. Lin},
TITLE={Model selection and estimation in regression with grouped variables},
JOURNAL={Journal of The Royal Statistical Society Series B},
YEAR=2006,
VOLUME={68},
NUMBER={1},
PAGES={49-67}
}

@article{zhao,
  title={The composite absolute penalties family for grouped and hierarchical variable selection},
  author={Zhao, P. and Rocha, G. and Yu, B.},
  journal=AOS,
  year={2009},
  volume={37},
  number={6A},
  pages={3468--3497}
}

@inproceedings{kim3,
  title={Tree-Guided Group Lasso for Multi-Task Regression with Structured Sparsity},
  author={Kim, S. and Xing, E. P.},
  booktitle=ICML,
  year={2010}
}


@article{baraniuk,
  title={Model-based compressive sensing},
  author={Baraniuk, R.G. and Cevher, V. and Duarte, M.F. and Hegde, C.},
  journal={Information Theory, IEEE Transactions on},
  volume={56},
  number={4},
  pages={1982--2001},
  year={2010},
  publisher={IEEE}
}

@article{beck,
  title={{A fast iterative shrinkage-thresholding algorithm for linear inverse problems}},
  author={Beck, A. and Teboulle, M.},
  journal=SIAM_IS,
  volume={2},
  number={1},
  pages={183--202},
  year={2009}
}

@book{bertsekas2,
   title="Linear Network Optimization",
   author="D. P. Bertsekas",
   year="1991",
   publisher="MIT Press"
}


@conference{jenatton2010sspca,
title={{Structured sparse principal component analysis}},
author={Jenatton, R. and Obozinski, G. and Bach, F.},
booktitle={International Conference on Artificial Intelligence and Statistics (AISTATS)},
year={2010}
}

@article{jenatton2011multi,
  title={Multi-scale mining of fMRI data with hierarchical structured sparsity},
  author={Jenatton, R. and Gramfort, A. and Michel, V. and Obozinski, G. and Eger, E. and Bach, F. and Thirion, B.},
  journal={Arxiv preprint arXiv:1105.0363},
  year={2011}
}


@article{jenatton2011structured,
  title={Structured Variable Selection with Sparsity-Inducing Norms},
  author={Jenatton, R. and Audibert, J.Y. and Bach, F.},
  journal={JMLR},
  volume={12},
  pages={2777--2824},
  year={2011}
}

@article{mairal2011convex,
  title={Convex and Network Flow Optimization for Structured Sparsity},
  author={Mairal, J. and Jenatton, R. and Obozinski, G. and Bach, F.},
  journal={JMLR},
  volume={12},
  pages={2681--2720},
  year={2011}
}

@article{jenatton2011proximal,
  title={Proximal Methods for Hierarchical Sparse Coding},
  author={Jenatton, R. and Mairal, J. and Obozinski, G. and Bach, F.},
  journal={JMLR},
  volume={12},
  pages={2297--2334},
  year={2011}
}

@article{chen2001atomic,
  title={Atomic Decomposition by Basis Pursuit},
  author={Chen, S.S. and Donoho, D.L. and Saunders, M.A.},
  journal={SIAM Review},
  volume={43},
  number={1},
  pages={129--159},
  year={2001},
  publisher={Society for Industrial and Applied Mathematics}
}

@article{rissanen1978modeling,
  title={Modeling by shortest data description},
  author={Rissanen, J.},
  journal={Automatica},
  volume={14},
  number={5},
  pages={465--471},
  year={1978},
  publisher={Elsevier}
}

@article{Micchelli2011Regularizers,
title={Regularizers for Structured Sparsity},
author={Micchelli, C.A. and Morales, J.M. and Pontil, M.},
journal={Arxiv preprint arXiv:1010.0556},
note={To appear in Advances in Computational Mathematics},
year={2011}
}

@article{chandrasekaran2010convex,
  title={The convex geometry of linear inverse problems},
  author={Chandrasekaran, V. and Recht, B. and Parrilo, P.A. and Willsky, A.S.},
  journal={Arxiv preprint arXiv:1012.0621},
  year={2010}
}

@BOOK{Rockafellar1970Convex,
  title = {Convex Analysis},
  publisher = {Princeton Univ. Press},
  year = {1970},
  author = {Rockafellar, R.T.}
}

@article{Lovasz1975Ratio,
  title={On the ratio of optimal integral and fractional covers},
  author={Lov{\'a}sz, L.},
  journal={Discr. Math.},
  volume={13},
  number={4},
  pages={383--390},
  year={1975},
  publisher={Elsevier}
}

@article{obozinski2011group,
author= {Obozinski, G. and Jacob, L. and Vert, J.-P.},
title = {Group {L}asso with Overlaps: the {L}atent {G}roup {L}asso approach},
journal = {preprint HAL - inria-00628498},
year = {2011}
}

@article{bonnans1998optimization,
  title={Optimization problems with perturbations: A guided tour},
  author={Bonnans, J.F. and Shapiro, A.},
  journal={SIAM review},
  pages={228--264},
  year={1998},
  publisher={JSTOR}
}

@inproceedings{zhou2010exclusive,
  title={Exclusive lasso for multi-task feature selection},
  author={Zhou, Y. and Jin, R. and Hoi, S. C.},
  booktitle={AISTATS},
  year={2010}
}


@article{bach2011optim,
title={Optimization with sparsity-inducing penalties},
author={Bach, F. and Jenatton, R. and  Mairal, J. and Obozinski, G.},
journal={Foundation and Trends in Machine Learning},
number={4},
volume={1},
pages={1-106},
year={2012}
}

@incollection{bach2011shaping,
 title ={Shaping Level Sets with Submodular Functions},
 author={Francis Bach},
 booktitle = {Adv. NIPS},
 year = {2011}
}

@incollection{bach2010structured,
 title = {Structured sparsity-inducing norms through submodular functions},
 author = {Francis Bach},
 booktitle = {Adv. NIPS},
 year="2010"
}

@article{cap,
  title={{Grouped and hierarchical model selection through composite absolute penalties}},
  author={Zhao, P. and Rocha, G. and Yu, B.},
  journal={Annals of Statistics},
 volume="37",
 number="6A",
 year="2009",
 pages="3468--3497"
}

@inproceedings{hkl,
  author    = {Bach, F.},
  title     = {Exploring Large Feature Spaces with Hierarchical Multiple Kernel Learning},
  booktitle = {Advances in Neural Information Processing Systems},
  year      = {2008}
}

@inproceedings{buntine2003multinomial,
  title={{Is multinomial {PCA} multi-faceted clustering or dimensionality reduction}},
  author={Buntine, W. and Perttu, S.},
  booktitle={International Workshop on Artificial Intelligence and Statistics (AISTATS)} ,
  year={2003}
}

@article{blei2003latent,
  title={{Latent dirichlet allocation}},
  author={Blei, D.M. and Ng, A.Y. and Jordan, M.I.},
  journal={The Journal of Machine Learning Research},
  volume={3},
  pages={993--1022},
  year={2003},
  publisher={MIT Press Cambridge, MA, USA}
}

@inproceedings{blei2008supervised,
  title={{Supervised topic models}},
  author={Blei, D.M. and McAuliffe, J.},
  booktitle={Advances in Neural Information Processing Systems (NIPS)},
  volume={20},
   year={2008},
}

@article{blei2004hierarchical,
  title={{Hierarchical topic models and the nested Chinese restaurant process}},
  author={Blei, D. and Griffiths, T.L. and Jordan, M.I. and Tenenbaum, J.B.},
  journal={Advances in Neural Information Processing Systems},
  volume={16},
  pages={106},
  year={2004},
  publisher={Citeseer}
}

@article{bach2011learning,
  title={Learning with Submodular Functions: A Convex Optimization Perspective},
  author={Bach, Francis},
   volume={6},
  number={2}, 
  pages={145-373},
  journal={Foundations and Trends in Machine Learning},
  year={2013}
  }
  
@inproceedings{argyriou2012sparse,
  title={Sparse Prediction with the $ k $-Support Norm},
  author={Argyriou, Andreas and Foygel, Rina and Srebro, Nathan},
  booktitle={Advances in Neural Information Processing Systems 25},
  pages={1466--1474},
  year={2012}
}

@article{pardalos1999algorithms,
  title={Algorithms for a class of isotonic regression problems},
  author={Pardalos, Panos M and Xue, Guoliang},
  journal={Algorithmica},
  volume={23},
  number={3},
  pages={211--222},
  year={1999},
  publisher={Springer}
}

@article{bondell2008simultaneous,
  title={Simultaneous regression shrinkage, variable selection, and supervised clustering of predictors with OSCAR},
  author={Bondell, Howard D and Reich, Brian J},
  journal={Biometrics},
  volume={64},
  number={1},
  pages={115--123},
  year={2008},
  publisher={Wiley Online Library}
}

@article{zhong2012efficient,
  title={Efficient sparse modeling with automatic feature grouping},
  author={Zhong, Leon Wenliang and Kwok, James T},
  journal={Neural Networks and Learning Systems, IEEE Transactions on},
  volume={23},
  number={9},
  pages={1436--1447},
  year={2012},
  publisher={IEEE}
}

@article{bauer1961absolute,
  title={Absolute and monotonic norms},
  author={Bauer, FL and Stoer, J and Witzgall, C},
  journal={Numerische Mathematik},
  volume={3},
  number={1},
  pages={257--264},
  year={1961},
  publisher={Springer}
}

@article{luss2014generalized,
  title={Generalized Isotonic Regression},
  author={Luss, Ronny and Rosset, Saharon},
  journal={Journal of Computational and Graphical Statistics},
  volume={23},
  number={1},
  pages={192--210},
  year={2014},
  publisher={Taylor \& Francis}
}

@article{stout2013isotonic,
  title={Isotonic regression via partitioning},
  author={Stout, Quentin F},
  journal={Algorithmica},
  volume={66},
  number={1},
  pages={93--112},
  year={2013},
  publisher={Springer}
}

@article{zhao2009composite,
  title={The composite absolute penalties family for grouped and hierarchical variable selection},
  author={Zhao, Peng and Rocha, Guilherme and Yu, Bin},
  journal={The Annals of Statistics},
  pages={3468--3497},
  year={2009},
  publisher={JSTOR}
}


@article{bien2013lasso,
  title={A lasso for hierarchical interactions},
  author={Bien, Jacob and Taylor, Jonathan and Tibshirani, Robert and others},
  journal={The Annals of Statistics},
  volume={41},
  number={3},
  pages={1111--1141},
  year={2013},
  publisher={Institute of Mathematical Statistics}
}

@article{yuan2009structured,
  title={Structured variable selection and estimation},
  author={Yuan, Ming and Joseph, V Roshan and Zou, Hui},
  journal={The Annals of Applied Statistics},
  pages={1738--1757},
  year={2009},
  publisher={JSTOR}
}

@article{chandrasekaran2012convex,
  title={The convex geometry of linear inverse problems},
  author={Chandrasekaran, Venkat and Recht, Benjamin and Parrilo, Pablo A and Willsky, Alan S},
  journal={Foundations of Computational mathematics},
  volume={12},
  number={6},
  pages={805--849},
  year={2012},
  publisher={Springer}
}

@article{harchaoui2014conditional,
  title={Conditional gradient algorithms for norm-regularized smooth convex optimization},
  author={Harchaoui, Zaid and Juditsky, Anatoli and Nemirovski, Arkadi},
  journal={Mathematical Programming},
  pages={75--112},
  year={2015},
  volume={152},
  number={1--2},
  publisher={Springer}
}

@article{wimalawarne2016theoretical,
  title={Theoretical and Experimental Analyses of Tensor-Based Regression and Classification},
  author={Wimalawarne, Kishan and Tomioka, Ryota and Sugiyama, Masashi},
  journal={Neural Computation},
  year={2016},
  number={28},
  volume={4},
  pages={686--715}
}

@article{liu2013tensor,
  title={Tensor completion for estimating missing values in visual data},
  author={Liu, Ji and Musialski, Przemyslaw and Wonka, Peter and Ye, Jieping},
  journal={Pattern Analysis and Machine Intelligence, IEEE Transactions on},
  volume={35},
  number={1},
  pages={208--220},
  year={2013},
  publisher={IEEE}
}

@inproceedings{tomioka2013convex,
  title={Convex tensor decomposition via structured {S}chatten norm regularization},
  author={Tomioka, Ryota and Suzuki, Taiji},
  booktitle={Advances in Neural information Processing Systems},
  pages={1331--1339},
  year={2013}
}

@incollection{Wimalawarne2014Multitask,
title = {Multitask learning meets tensor factorization: task imputation via convex optimization},
author = {Wimalawarne, Kishan and Sugiyama, Masashi and Tomioka, Ryota},
booktitle = {Advances in Neural Information Processing Systems 27},
pages = {2825--2833},
year = {2014},
url = {http://papers.nips.cc/paper/5628-multitask-learning-meets-tensor-factorization-task-imputation-via-convex-optimization.pdf}
}

@article{dattorroconvex,
  title={Convex Optimization and Euclidean Distance Geometry, 2005},
  author={Dattorro, Jon},
  journal={Meboo, Palo Alto}
}

@inproceedings{vu2013fantope,
  title={Fantope projection and selection: A near-optimal convex relaxation of sparse {PCA}},
  author={Vu, Vincent Q and Cho, Juhee and Lei, Jing and Rohe, Karl},
  booktitle={Advances in Neural Information Processing Systems},
  pages={2670--2678},
  year={2013}
}

@article{bach2008convex,
  title={Convex sparse matrix factorizations},
  author={Bach, Francis and Mairal, Julien and Ponce, Jean},
  journal={arXiv preprint arXiv:0812.1869},
  year={2008}
}

@article{ding2010convex,
  title={Convex and semi-nonnegative matrix factorizations},
  author={Ding, Chris and Li, Tao and Jordan, Michael I},
  journal={Pattern Analysis and Machine Intelligence, IEEE Transactions on},
  volume={32},
  number={1},
  pages={45--55},
  year={2010},
  publisher={IEEE}
}

@inproceedings{richard2014tight,
  title={Tight convex relaxations for sparse matrix factorization},
  author={Richard, Emile and Obozinski, Guillaume R and Vert, Jean-Philippe},
  booktitle={Advances in Neural Information Processing Systems},
  pages={3284--3292},
  year={2014}
}

@article{agarwal2012noisy,
  title={Noisy matrix decomposition via convex relaxation: Optimal rates in high dimensions},
  author={Agarwal, Alekh and Negahban, Sahand and Wainwright, Martin J and others},
  journal={The Annals of Statistics},
  volume={40},
  number={2},
  pages={1171--1197},
  year={2012},
  publisher={Institute of Mathematical Statistics}
}


@article{candes2011robust,
  title={Robust principal component analysis?},
  author={Cand{\`e}s, Emmanuel J and Li, Xiaodong and Ma, Yi and Wright, John},
  journal={Journal of the ACM (JACM)},
  volume={58},
  number={3},
  pages={11},
  year={2011},
  publisher={ACM}
}


@article{tseng2001convergence,
  title={Convergence of a block coordinate descent method for nondifferentiable minimization},
  author={Tseng, Paul},
  journal={Journal of optimization theory and applications},
  volume={109},
  number={3},
  pages={475--494},
  year={2001},
  publisher={Springer}
}

@article{moreau1965proximite,
  title={Proximit{\'e} et dualit{\'e} dans un espace hilbertien},
  author={Moreau, Jean-Jacques},
  journal={Bulletin de la Soci{\'e}t{\'e} math{\'e}matique de France},
  volume={93},
  pages={273--299},
  year={1965}
}

@article{gaffke1989cyclic,
  title={A cyclic projection algorithm via duality},
  author={Gaffke, Norbert and Mathar, Rudolf},
  journal={Metrika},
  volume={36},
  number={1},
  pages={29--54},
  year={1989},
  publisher={Springer}
}

@incollection{boyle1986method,
  title={A method for finding projections onto the intersection of convex sets in {H}ilbert spaces},
  author={Boyle, James P and Dykstra, Richard L},
  booktitle={Advances in order restricted statistical inference},
  pages={28--47},
  year={1986},
  publisher={Springer}
}


@incollection{combettes2011proximal,
  title={Proximal splitting methods in signal processing},
  author={Combettes, Patrick L and Pesquet, Jean-Christophe},
  booktitle={Fixed-point algorithms for inverse problems in science and engineering},
  pages={185--212},
  year={2011},
  publisher={Springer}
}

@article{forsgren2015primal,
  title={Primal and dual active-set methods for convex quadratic programming},
  author={Forsgren, Anders and Gill, Philip E and Wong, Elizabeth},
  journal={Mathematical Programming},
  pages={1--40},
  year={2015},
  publisher={Springer}
}

@book{nocedal2006numerical,
  title={Numerical optimization},
  author={Nocedal, Jorge and Wright, Stephen},
  year={2006},
  publisher={Springer Science \& Business Media}
}

@article{garcia2003column,
  title={Column generation algorithms for nonlinear optimization, I: Convergence analysis},
  author={Garc{\'\i}a, Ricardo and Mar{\'\i}n, Angel and Patriksson, Michael},
  journal={Optimization},
  volume={52},
  number={2},
  pages={171--200},
  year={2003},
  publisher={Taylor \& Francis}
}

@article{garcia2011column,
  title={Column generation algorithms for nonlinear optimization, II: Numerical investigations},
  author={Garc{\'\i}a-R{\'o}denas, Ricardo and Mar{\'\i}n, Angel and Patriksson, Michael},
  journal={Computers \& Operations Research},
  volume={38},
  number={3},
  pages={591--604},
  year={2011},
  publisher={Elsevier}
}

@article{larsson2015generic,
  title={A generic column generation principle: derivation and convergence analysis},
  author={Larsson, Torbj{\"o}rn and Migdalas, Athanasios and Patriksson, Michael},
  journal={Operational Research},
  volume={15},
  number={2},
  pages={163--198},
  year={2015},
  publisher={Springer}
}

@article{maurer2012structured,
  title={Structured sparsity and generalization},
  author={Maurer, Andreas and Pontil, Massimiliano},
  journal={The Journal of Machine Learning Research},
  volume={13},
  number={1},
  pages={671--690},
  year={2012},
  publisher={JMLR. org}
}

@article{lars,
  author =       {Efron, B. and Hastie, T. and Johnstone, I. and Tibshirani, R.},
  title =        {Least Angle Regression},
  journal =      {Annals of Statistics},
  year =         {2004},
  volume =       {32},
  number =       {2},
  pages =        {407-499}
}

@article{pang2013set,
  title={Set intersection problems: Integrating projection and quadratic programming algorithms},
  author={Pang, CH},
  journal={arXiv preprint arXiv:1307.0053},
  year={2013}
}

@article{colon,
  title={Broad patterns of gene expression revealed by clustering analysis of tumor and normal colon tissues probed by oligonucleotide arrays},
  author={A. Alon, N. Barkai, et al},
  journal={Cell Biology},
  volume ={96},
  pages={6745-6750},
  year={1999}
}

@article{pitprops,
  title={Two Case Studies in the Application of Principal Component Applied Statistics},
  author={SJeffers, J.},
  journal={Applied Statistics},
  volume ={16},
  pages = {225-236},
  year={1967}
}


@inproceedings{foygel2012matrix,
  title={Matrix reconstruction with the local max norm},
  author={Foygel, Rina and Srebro, Nathan and Salakhutdinov, Ruslan R},
  booktitle={Advances in Neural Information Processing Systems},
  pages={935--943},
  year={2012}
}

@article{Goldfarb1983,
author = {Goldfarb, D and Idnani, A},
doi = {10.1007/BF02591962},
issn = {1436-4646},
journal = {Mathematical Programming},
number = {1},
pages = {1--33},
title = {{A numerically stable dual method for solving strictly convex quadratic programs}},
url = {http://dx.doi.org/10.1007/BF02591962},
volume = {27},
year = {1983}
}

@article{Rao2015,
author = {Rao, Nikhil and Shah, Parikshit and Wright, Stephen},
journal = {IEEE Transactions on Signal Processing},
number = {21},
pages = {5798--5811},
title = {{Forward -Backward Greedy Algorithms for Atomic Norm Regularization}},
volume = {63},
year = {2015}
}

@article{LacosteFCFW,
title = {On the Global Linear Convergence of {F}rank-{W}olfe Optimization Variants},
author = {Lacoste-Julien, Simon and Jaggi, Martin},
journal = {Advances in Neural Information Processing Systems 28},
pages = {496--504},
year = {2015},
url = {http://papers.nips.cc/paper/5925-on-the-global-linear-convergence-of-frank-wolfe-optimization-variants.pdf}
}

@article{wolfe1976finding,
  title={Finding the nearest point in a polytope},
  author={Wolfe, Philip},
  journal={Mathematical Programming},
  volume={11},
  number={1},
  pages={128--149},
  year={1976},
  publisher={Springer}
}

@book{rockafellar1997convex,
  title={Convex Analysis. Princeton landmarks in mathematics},
  author={Rockafellar, R Tyrrell},
  year={1997},
  publisher={Princeton University Press, Princeton, NJ}
}

@article{chambolle2015remark,
  title={A remark on accelerated block coordinate descent for computing the proximity operators of a sum of convex functions.},
  author={Chambolle, Antonin and Pock, Thomas},
  year={2015}
}

@book{bertsekas2015convex,
  title={Convex optimization algorithms},
  author={Bertsekas, Dimitri P and Scientific, Athena},
  year={2015},
  publisher={Athena Scientific Belmont}
}

@article{she2014group,
  title={Group Regularized Estimation under Structural Hierarchy},
  author={She, Yiyuan and Jiang, He},
  journal={arXiv preprint arXiv:1411.4691},
  year={2014}
}

@article{yan2015hierarchical,
  title={Hierarchical Sparse Modeling: A Choice of Two Regularizers},
  author={Yan, Xiaohan and Bien, Jacob},
  journal={arXiv preprint arXiv:1512.01631},
  year={2015}
}

@article{calhous,
title = "Sparse spatial autoregressions",
journal = "Statistics and Probability Letters",
volume = "33",
number = "3",
pages = "291 - 297",
year = "1997",
note = "",
issn = "0167-7152",
doi = "http://dx.doi.org/10.1016/S0167-7152(96)00140-X",
url = "http://www.sciencedirect.com/science/article/pii/S016771529600140X",
author = "R. Kelley Pace and Ronald Barry",
keywords = "Spatial autoregression",
keywords = "SAR",
keywords = "Sparse matrices"
}

@inproceedings{gu2016low,
  title={Low-Rank and Sparse Structure Pursuit via Alternating Minimization},
  author={Gu, Quanquan and Wang, Zhaoran and Liu, Han},
  booktitle={Proceedings of the 19th International Conference on Artificial Intelligence and Statistics},
  pages={600--609},
  year={2016}
}

@article{hongiteration,
  title={Iteration complexity analysis of block coordinate descent methods},
  author={Hong, M and Wang, X and Razaviyayn, M and Luo, ZQ},
  journal={Preprint, available online},
  year={2013}
}

@article{friedman2010regularization,
  title={Regularization paths for generalized linear models via coordinate descent},
  author={Friedman, Jerome and Hastie, Trevor and Tibshirani, Rob},
  journal={Journal of statistical software},
  volume={33},
  number={1},
  pages={1},
  year={2010},
  publisher={NIH Public Access}
}

@article{shalev2011stochastic,
  title={Stochastic methods for l1-regularized loss minimization},
  author={Shalev-Shwartz, Shai and Tewari, Ambuj},
  journal={Journal of Machine Learning Research},
  volume={12},
  number={Jun},
  pages={1865--1892},
  year={2011}
}

@article{obozinski2012,
  title={Convex relaxation for combinatorial penalties},
  author={Obozinski,Guillaume and Bach, Francis},
  journal={arXiv preprint arXiv:1205.1240},
  year={2012}
}

% reviewer_5 AISTATS
@incollection{zhang2012,
title = {Accelerated Training for Matrix-norm Regularization: A Boosting Approach},
author = {Zhang, Xinhua and Schuurmans, Dale and Yao-liang Yu},
booktitle = {Advances in Neural Information Processing Systems 25},
editor = {F. Pereira and C. J. C. Burges and L. Bottou and K. Q. Weinberger},
pages = {2906--2914},
year = {2012},
publisher = {Curran Associates, Inc.},
url = {http://papers.nips.cc/paper/4663-accelerated-training-for-matrix-norm-regularization-a-boosting-approach.pdf}
}

% reviewer_5 AISTATS
@article{yu2014,
  title={Generalized Conditional Gradient for Sparse Estimation
},
  author={Yu,Yaoliang  Zhang,Xinhua Schuurmans,Dale },
  journal={arXiv preprint arXiv:1410.4828},
  year={2012}
}

% for learning GGM

@inproceedings{chandrasekaran2010,
  title={Latent variable graphical model selection via convex optimization},
  author={Chandrasekaran, Venkat and Parrilo, Pablo A and Willsky, Alan S},
  booktitle={Communication, Control, and Computing (Allerton), 2010 48th Annual Allerton Conference on},
  pages={1610--1613},
  year={2010},
  organization={IEEE}
}

@InProceedings{vinyes2017,
  title = 	 {{Fast column generation for atomic norm regularization}},
  author = 	 {Marina Vinyes and Guillaume Obozinski},
  booktitle = 	 {Proceedings of the 20th International Conference on Artificial Intelligence and Statistics},
  pages = 	 {547--556},
  year = 	 {2017},
  volume = 	 {54},
  series = 	 {Proceedings of Machine Learning Research},
  month = 	 {20--22 Apr},
  publisher = 	 {PMLR}
}

@article{hyvarinen2005estimation,
  title={Estimation of non-normalized statistical models by score matching},
  author={Hyv{\"a}rinen, Aapo},
  journal={Journal of Machine Learning Research},
  volume={6},
  number={Apr},
  pages={695--709},
  year={2005}
}

@article{lin2016estimation,
  title={Estimation of high-dimensional graphical models using regularized score matching},
  author={Lin, Lina and Drton, Mathias and Shojaie, Ali and others},
  journal={Electronic Journal of Statistics},
  volume={10},
  number={1},
  pages={806--854},
  year={2016},
  publisher={The Institute of Mathematical Statistics and the Bernoulli Society}
}

@inproceedings{hosseini2016learning,
  title={Learning Sparse Gaussian Graphical Models with Overlapping Blocks},
  author={Hosseini, Mohammad Javad and Lee, Su-In},
  booktitle={Advances in Neural Information Processing Systems},
  pages={3808--3816},
  year={2016}
}

@inproceedings{meng2014learning,
  title={Learning latent variable Gaussian graphical models},
  author={Meng, Zhaoshi and Eriksson, Brian and Hero, Al},
  booktitle={Proceedings of the 31st International Conference on Machine Learning (ICML-14)},
  pages={1269--1277},
  year={2014}
}


@article{yuan2013truncated,
  title={Truncated power method for sparse eigenvalue problems},
  author={Yuan, Xiao-Tong and Zhang, Tong},
  journal={Journal of Machine Learning Research},
  volume={14},
  number={Apr},
  pages={899--925},
  year={2013}
}

@article{friedman2008sparse,
  title={Sparse inverse covariance estimation with the graphical lasso},
  author={Friedman, Jerome and Hastie, Trevor and Tibshirani, Robert},
  journal={Biostatistics},
  volume={9},
  number={3},
  pages={432--441},
  year={2008},
  publisher={Biometrika Trust}
}

@article{yuan2007model,
  title={Model selection and estimation in the Gaussian graphical model},
  author={Yuan, Ming and Lin, Yi},
  journal={Biometrika},
  pages={19--35},
  year={2007},
  publisher={JSTOR}
}

@article{banerjee2008model,
  title={Model selection through sparse maximum likelihood estimation for multivariate gaussian or binary data},
  author={Banerjee, Onureena and Ghaoui, Laurent El and d’Aspremont, Alexandre},
  journal={Journal of Machine learning research},
  volume={9},
  number={Mar},
  pages={485--516},
  year={2008}
}

@article{tan2015cluster,
  title={The cluster graphical lasso for improved estimation of Gaussian graphical models},
  author={Tan, Kean Ming and Witten, Daniela and Shojaie, Ali},
  journal={Computational statistics \& data analysis},
  volume={85},
  pages={23--36},
  year={2015},
  publisher={Elsevier}
}

@inproceedings{marlin2009sparse,
  title={Sparse Gaussian graphical models with unknown block structure},
  author={Marlin, Benjamin M and Murphy, Kevin P},
  booktitle={Proceedings of the 26th Annual International Conference on Machine Learning},
  pages={705--712},
  year={2009},
  organization={ACM}
}

@inproceedings{celik2014efficient,
  title={Efficient dimensionality reduction for high-dimensional network estimation},
  author={Celik, Safiye and Logsdon, Benjamin and Lee, Su-In},
  booktitle={International Conference on Machine Learning},
  pages={1953--1961},
  year={2014}
}

@article{xu2017speeding,
  title={Speeding Up Latent Variable Gaussian Graphical Model Estimation via Nonconvex Optimizations},
  author={Xu, Pan and Ma, Jian and Gu, Quanquan},
  journal={arXiv preprint arXiv:1702.08651},
  year={2017}
}

@article{haferlach2010clinical,
  title={Clinical utility of microarray-based gene expression profiling in the diagnosis and subclassification of leukemia: report from the International Microarray Innovations in Leukemia Study Group},
  author={Haferlach, Torsten and Kohlmann, Alexander and Wieczorek, Lothar and Basso, Giuseppe and Kronnie, Geertruy Te and B{\'e}n{\'e}, Marie-Christine and De Vos, John and Hern{\'a}ndez, Jesus M and Hofmann, Wolf-Karsten and Mills, Ken I and others},
  journal={Journal of Clinical Oncology},
  volume={28},
  number={15},
  pages={2529--2537},
  year={2010},
  publisher={American Society of Clinical Oncology}
}

@inproceedings{defazio2012convex,
  title={A convex formulation for learning scale-free networks via submodular relaxation},
  author={Defazio, Aaron and Caetano, Tiberio S},
  booktitle={Advances in Neural Information Processing Systems},
  pages={1250--1258},
  year={2012}
}

@book{lauritzen1996graphical,
  title={Graphical models},
  author={Lauritzen, Steffen L},
  volume={17},
  year={1996},
  publisher={Clarendon Press}
}

@article{tan2014learning,
  title={Learning graphical models with hubs},
  author={Tan, Kean Ming and London, Palma and Mohan, Karthik and Lee, Su-In and Fazel, Maryam and Witten, Daniela M},
  journal={Journal of Machine Learning Research},
  volume={15},
  number={1},
  pages={3297--3331},
  year={2014}
}


@article{ambroise2009inferring,
  title={Inferring sparse Gaussian graphical models with latent structure},
  author={Ambroise, Christophe and Chiquet, Julien and Matias, Catherine and others},
  journal={Electronic Journal of Statistics},
  volume={3},
  pages={205--238},
  year={2009},
  publisher={The Institute of Mathematical Statistics and the Bernoulli Society}
}


@inproceedings{moghaddam2008sparse,
  title={Sparse regression as a sparse eigenvalue problem},
  author={Moghaddam, Baback and Gruber, Amit and Weiss, Yair and Avidan, Shai},
  booktitle={Information Theory and Applications Workshop, 2008},
  pages={219--225},
  year={2008},
  organization={IEEE}
}

@article{chandrasekaran2011rank,
  title={Rank-sparsity incoherence for matrix decomposition},
  author={Chandrasekaran, Venkat and Sanghavi, Sujay and Parrilo, Pablo A and Willsky, Alan S},
  journal={SIAM Journal on Optimization},
  volume={21},
  number={2},
  pages={572--596},
  year={2011},
  publisher={SIAM}
}

@article{varga1976diagonal,
  title={On diagonal dominance arguments for bounding? A-1??},
  author={Varga, Richard S},
  journal={Linear Algebra and its applications},
  volume={14},
  number={3},
  pages={211--217},
  year={1976},
  publisher={Elsevier}
}

@article{candes2011robust,
  title={Robust principal component analysis?},
  author={Cand{\`e}s, Emmanuel J and Li, Xiaodong and Ma, Yi and Wright, John},
  journal={Journal of the ACM (JACM)},
  volume={58},
  number={3},
  pages={11},
  year={2011},
  publisher={ACM}
}

@article{frank1956algorithm,
  title={An algorithm for quadratic programming},
  author={Frank, Marguerite and Wolfe, Philip},
  journal={Naval Research Logistics (NRL)},
  volume={3},
  number={1-2},
  pages={95--110},
  year={1956},
  publisher={Wiley Online Library}
}

@article{bogdan2013statistical,
  title={Statistical estimation and testing via the sorted L1 norm},
  author={Bogdan, Malgorzata and Berg, Ewout van den and Su, Weijie and Candes, Emmanuel},
  journal={arXiv preprint arXiv:1310.1969},
  year={2013}
}
